<?xml version="1.0" encoding="UTF-8"?><collection xmlns="http://www.loc.gov/MARC21/slim"><record><leader>00431nam--2200133-i-4500</leader><controlfield tag="001">000045359</controlfield><controlfield tag="002">20161230</controlfield><controlfield tag="005">20161230201045</controlfield><controlfield tag="008">060222s1000------------r-----000-0-eng-d</controlfield><datafield ind1=" " ind2=" " tag="080"><subfield code="a">539.12.01</subfield></datafield><datafield ind1=" " ind2=" " tag="100"><subfield code="a">Tornqvist, Nils A</subfield></datafield><datafield ind1=" " ind2=" " tag="245"><subfield code="a">Graphs for studying charge independence and unitary symmetries in paraticle physics</subfield></datafield><datafield ind1=" " ind2=" " tag="260"><subfield code="a">Helsinki, Research Institute For Theoretical Physics, 1967, 26p. + 6 Tabele + 9 Fig</subfield></datafield><datafield ind1=" " ind2=" " tag="852"><subfield code="a">25745</subfield></datafield></record></collection>